@book{bejan2013convection,
  title={Convection heat transfer},
  author={Bejan, Adrian},
  year={2013},
  publisher={John wiley \& sons}
}
@book{welty2014fundamentals,
  title={Fundamentals of momentum, heat, and mass transfer},
  author={Welty, James and Rorrer, Gregory L and Foster, David G},
  year={2014},
  publisher={John Wiley \& Sons}
}
